%% This BibTeX bibliography file was created using BibDesk.
%% http://bibdesk.sourceforge.net/

%% Created for McLain at 2020-11-04 18:32:24 -0700 


%% Saved with string encoding Unicode (UTF-8) 



@article{StudentRP20,
	Author = {A. Student and M. Researcher and S.S. Professor},
	Date-Added = {2020-09-21 15:39:40 -0600},
	Date-Modified = {2020-09-21 15:42:49 -0600},
	Journal = {Awesome Engineering},
	Number = {2},
	Pages = {1--10},
	Title = {Really great research from a {BYU} engineering student},
	Volume = {1},
	Year = {2020}}

@book{Bringhurst19,
	Author = {R. Bringhurst},
	Date-Added = {2020-09-18 16:50:21 -0600},
	Date-Modified = {2020-09-18 16:52:02 -0600},
	Edition = {Fourth},
	Publisher = {Hartley \& Marks Publishers},
	Title = {The Elements of Typographic Style},
	Year = {2019}}

@mastersthesis{masters1,
	Author = {Dale R. Tree},
	Date-Added = {2020-07-06 17:41:50 -0600},
	Date-Modified = {2020-11-04 18:31:14 -0700},
	School = {Purdue University},
	Title = {Development of a Heat Flux Gauge for a Partially Insulated Internal Combustion Engine},
	Type = {M.S. thesis},
	Year = {1988}}

@phdthesis{doctoral1,
	Author = {Thomas H. Fletcher},
	Date-Added = {2020-07-06 17:39:26 -0600},
	Date-Modified = {2020-11-04 18:32:13 -0700},
	School = {Brigham Young University},
	Title = {A Two-dimensional Model for Goal Gasification and Combustion},
	Type = {Ph.D. dissertation},
	Year = {1983}}

@inproceedings{conference1,
	Author = {N.R. Swain and S.D. Christensen and N. Jones and E.J. Nelson},
	Booktitle = {American Geophysical Union, Fall Meeting},
	Date-Added = {2020-07-06 17:34:13 -0600},
	Date-Modified = {2020-07-06 17:36:57 -0600},
	Title = {Tethys: A Platform for Water Resources Modeling and Decision Support Apps},
	Year = {2014}}

@article{journal1,
	Author = {M.A. Jensen and J.W. Wallace},
	Date-Added = {2020-07-06 17:29:34 -0600},
	Date-Modified = {2020-07-17 16:11:38 -0600},
	Journal = {{IEEE} Transactions on Antennas and Propagation},
	Number = {11},
	Pages = {2810--2824},
	Title = {A review of antennas and propagation for {MIMO} wireless communications},
	Volume = {52},
	Year = {2004}}

@book{book1,
	Address = {New York, N.Y.},
	Author = {Larry L. Howell},
	Date-Added = {2020-07-06 17:24:49 -0600},
	Date-Modified = {2020-07-06 17:52:33 -0600},
	Publisher = {John Wiley \& Sons},
	Title = {Compliant Mechanisms},
	Year = {2001}}
