%% This BibTeX bibliography file was created using BibDesk.
%% https://bibdesk.sourceforge.io/

%% Created for McLain at 2022-11-07 12:28:27 -0700 


%% Saved with string encoding Unicode (UTF-8) 



@article{journal4,
	author = {B. W. Webb and C.-F. Ma},
	date-added = {2022-11-07 12:24:59 -0700},
	date-modified = {2022-11-07 12:27:02 -0700},
	doi = {10.1016/S0065-2717(08)70296-X},
	journal = {Advances in heat transfer},
	pages = {105--217},
	title = {Single-phase liquid jet impingement heat transfer},
	volume = {26},
	year = {1995}}

@article{journal3,
	author = {W. G. Pitt and S. A. Ross},
	date-added = {2022-11-07 12:14:34 -0700},
	date-modified = {2022-11-07 12:28:21 -0700},
	doi = {10.1021/bp0340685},
	journal = {Biotechnology progress},
	number = {3},
	pages = {1038--1044},
	title = {Ultrasound increases in the rate of bacterial cell growth},
	volume = {19},
	year = {2003}}

@article{journal2,
	author = {R. W. Beard and J. Lawton and F. Y. Hadaegh},
	date-added = {2022-11-07 12:11:50 -0700},
	date-modified = {2022-11-07 12:14:16 -0700},
	doi = {10.1109/87.960341},
	journal = {{IEEE} Transactions on Control Systems Technology},
	number = {6},
	pages = {777--790},
	title = {A coordination architecture for spacecraft formation control},
	volume = {9},
	year = {2001}}

@article{StudentRP20,
	author = {A. Student and M. Researcher and S.S. Professor},
	date-added = {2020-09-21 15:39:40 -0600},
	date-modified = {2020-09-21 15:42:49 -0600},
	journal = {Awesome Engineering},
	number = {2},
	pages = {1--10},
	title = {Really great research from a {BYU} engineering student},
	volume = {1},
	year = {2020}}

@book{Bringhurst19,
	author = {R. Bringhurst},
	date-added = {2020-09-18 16:50:21 -0600},
	date-modified = {2020-09-18 16:52:02 -0600},
	edition = {Fourth},
	publisher = {Hartley \& Marks Publishers},
	title = {The Elements of Typographic Style},
	year = {2019}}

@mastersthesis{masters1,
	author = {Dale R. Tree},
	date-added = {2020-07-06 17:41:50 -0600},
	date-modified = {2020-11-04 18:31:14 -0700},
	school = {Purdue University},
	title = {Development of a Heat Flux Gauge for a Partially Insulated Internal Combustion Engine},
	type = {M.S. thesis},
	year = {1988}}

@phdthesis{doctoral1,
	author = {Thomas H. Fletcher},
	date-added = {2020-07-06 17:39:26 -0600},
	date-modified = {2020-11-04 18:32:13 -0700},
	school = {Brigham Young University},
	title = {A Two-dimensional Model for Goal Gasification and Combustion},
	type = {Ph.D. dissertation},
	year = {1983}}

@inproceedings{conference1,
	author = {N.R. Swain and S.D. Christensen and N. Jones and E.J. Nelson},
	booktitle = {American Geophysical Union, Fall Meeting},
	date-added = {2020-07-06 17:34:13 -0600},
	date-modified = {2020-07-06 17:36:57 -0600},
	title = {Tethys: A Platform for Water Resources Modeling and Decision Support Apps},
	year = {2014}}

@article{journal1,
	author = {M.A. Jensen and J.W. Wallace},
	date-added = {2020-07-06 17:29:34 -0600},
	date-modified = {2022-07-06 11:23:01 -0600},
	doi = {10.1109/TAP.2004.835272},
	journal = {{IEEE} Transactions on Antennas and Propagation},
	number = {11},
	pages = {2810--2824},
	rating = {5},
	title = {A review of antennas and propagation for {MIMO} wireless communications},
	volume = {52},
	year = {2004},
	bdsk-url-1 = {https://doi.org/10.1109/TAP.2004.835272}}

@book{book1,
	address = {New York, N.Y.},
	author = {Larry L. Howell},
	date-added = {2020-07-06 17:24:49 -0600},
	date-modified = {2020-07-06 17:52:33 -0600},
	publisher = {John Wiley \& Sons},
	title = {Compliant Mechanisms},
	year = {2001}}
